<?xml version="1.0"?>
<gnc-v2>
<gnc:count-data cd:type="book">1</gnc:count-data>
<gnc:book version="2.0.0">
<book:id type="guid">0b1ea4f90af13b80aa4bf9e881592f2d</book:id>
<gnc:count-data cd:type="account">25</gnc:count-data>
<gnc:count-data cd:type="transaction">21</gnc:count-data>
<gnc:account version="2.0.0">
  <act:name>Assets</act:name>
  <act:id type="guid">1658bd8e5ec0199401767a3ef789b89c</act:id>
  <act:type>ASSET</act:type>
  <act:commodity>
    <cmdty:space>ISO4217</cmdty:space>
    <cmdty:id>USD</cmdty:id>
  </act:commodity>
  <act:commodity-scu>100</act:commodity-scu>
  <act:slots>
    <slot>
      <slot:key>placeholder</slot:key>
      <slot:value type="string">false</slot:value>
    </slot>
    <slot>
      <slot:key>notes</slot:key>
      <slot:value type="string"></slot:value>
    </slot>
  </act:slots>
</gnc:account>
<gnc:account version="2.0.0">
  <act:name>Checking</act:name>
  <act:id type="guid">c2aeafd6e80ecc5db05f2f29fe42ca99</act:id>
  <act:type>BANK</act:type>
  <act:commodity>
    <cmdty:space>ISO4217</cmdty:space>
    <cmdty:id>USD</cmdty:id>
  </act:commodity>
  <act:commodity-scu>100</act:commodity-scu>
  <act:slots>
    <slot>
      <slot:key>placeholder</slot:key>
      <slot:value type="string">false</slot:value>
    </slot>
    <slot>
      <slot:key>notes</slot:key>
      <slot:value type="string"></slot:value>
    </slot>
  </act:slots>
  <act:parent type="guid">1658bd8e5ec0199401767a3ef789b89c</act:parent>
</gnc:account>
<gnc:account version="2.0.0">
  <act:name>Savings</act:name>
  <act:id type="guid">7f1707672569125550f27e9d8f22bca5</act:id>
  <act:type>BANK</act:type>
  <act:commodity>
    <cmdty:space>ISO4217</cmdty:space>
    <cmdty:id>USD</cmdty:id>
  </act:commodity>
  <act:commodity-scu>100</act:commodity-scu>
  <act:slots>
    <slot>
      <slot:key>placeholder</slot:key>
      <slot:value type="string">false</slot:value>
    </slot>
    <slot>
      <slot:key>notes</slot:key>
      <slot:value type="string"></slot:value>
    </slot>
    <slot>
      <slot:key>reconcile-info</slot:key>
      <slot:value type="frame">
        <slot>
          <slot:key>last-date</slot:key>
          <slot:value type="integer">1137024000</slot:value>
        </slot>
      </slot:value>
    </slot>
  </act:slots>
  <act:parent type="guid">1658bd8e5ec0199401767a3ef789b89c</act:parent>
</gnc:account>
<gnc:account version="2.0.0">
  <act:name>Cash</act:name>
  <act:id type="guid">2c220f228263548f309ceca07ade534b</act:id>
  <act:type>ASSET</act:type>
  <act:commodity>
    <cmdty:space>ISO4217</cmdty:space>
    <cmdty:id>USD</cmdty:id>
  </act:commodity>
  <act:commodity-scu>100</act:commodity-scu>
  <act:slots>
    <slot>
      <slot:key>placeholder</slot:key>
      <slot:value type="string">false</slot:value>
    </slot>
    <slot>
      <slot:key>notes</slot:key>
      <slot:value type="string"></slot:value>
    </slot>
  </act:slots>
  <act:parent type="guid">1658bd8e5ec0199401767a3ef789b89c</act:parent>
</gnc:account>
<gnc:account version="2.0.0">
  <act:name>Liabilities</act:name>
  <act:id type="guid">dd14812449f43eecee378f7166351c09</act:id>
  <act:type>LIABILITY</act:type>
  <act:commodity>
    <cmdty:space>ISO4217</cmdty:space>
    <cmdty:id>USD</cmdty:id>
  </act:commodity>
  <act:commodity-scu>100</act:commodity-scu>
  <act:slots>
    <slot>
      <slot:key>placeholder</slot:key>
      <slot:value type="string">false</slot:value>
    </slot>
    <slot>
      <slot:key>notes</slot:key>
      <slot:value type="string"></slot:value>
    </slot>
  </act:slots>
</gnc:account>
<gnc:account version="2.0.0">
  <act:name>Income</act:name>
  <act:id type="guid">354c12b8cb519e4f73357b8c5c6bf9a9</act:id>
  <act:type>INCOME</act:type>
  <act:commodity>
    <cmdty:space>ISO4217</cmdty:space>
    <cmdty:id>USD</cmdty:id>
  </act:commodity>
  <act:commodity-scu>100</act:commodity-scu>
  <act:slots>
    <slot>
      <slot:key>placeholder</slot:key>
      <slot:value type="string">false</slot:value>
    </slot>
    <slot>
      <slot:key>notes</slot:key>
      <slot:value type="string"></slot:value>
    </slot>
  </act:slots>
</gnc:account>
<gnc:account version="2.0.0">
  <act:name>Poker</act:name>
  <act:id type="guid">a32a6a9a2a9f37178cd2a08b4fd710be</act:id>
  <act:type>INCOME</act:type>
  <act:commodity>
    <cmdty:space>ISO4217</cmdty:space>
    <cmdty:id>USD</cmdty:id>
  </act:commodity>
  <act:commodity-scu>100</act:commodity-scu>
  <act:slots>
    <slot>
      <slot:key>placeholder</slot:key>
      <slot:value type="string">false</slot:value>
    </slot>
    <slot>
      <slot:key>notes</slot:key>
      <slot:value type="string"></slot:value>
    </slot>
  </act:slots>
  <act:parent type="guid">354c12b8cb519e4f73357b8c5c6bf9a9</act:parent>
</gnc:account>
<gnc:account version="2.0.0">
  <act:name>Expenses</act:name>
  <act:id type="guid">158867aa3ff18802e8ecd1d85f2ffb79</act:id>
  <act:type>EXPENSE</act:type>
  <act:commodity>
    <cmdty:space>ISO4217</cmdty:space>
    <cmdty:id>USD</cmdty:id>
  </act:commodity>
  <act:commodity-scu>100</act:commodity-scu>
  <act:slots>
    <slot>
      <slot:key>placeholder</slot:key>
      <slot:value type="string">false</slot:value>
    </slot>
    <slot>
      <slot:key>notes</slot:key>
      <slot:value type="string"></slot:value>
    </slot>
  </act:slots>
</gnc:account>
<gnc:account version="2.0.0">
  <act:name>Clubs</act:name>
  <act:id type="guid">91b0b8fc6b8942eaf9ad913a81dbe96e</act:id>
  <act:type>EXPENSE</act:type>
  <act:commodity>
    <cmdty:space>ISO4217</cmdty:space>
    <cmdty:id>USD</cmdty:id>
  </act:commodity>
  <act:commodity-scu>100</act:commodity-scu>
  <act:slots>
    <slot>
      <slot:key>placeholder</slot:key>
      <slot:value type="string">false</slot:value>
    </slot>
    <slot>
      <slot:key>notes</slot:key>
      <slot:value type="string"></slot:value>
    </slot>
  </act:slots>
  <act:parent type="guid">158867aa3ff18802e8ecd1d85f2ffb79</act:parent>
</gnc:account>
<gnc:account version="2.0.0">
  <act:name>Jam</act:name>
  <act:id type="guid">e1651cd4c8ea4e9ea2b68e27e6ace67d</act:id>
  <act:type>EXPENSE</act:type>
  <act:commodity>
    <cmdty:space>ISO4217</cmdty:space>
    <cmdty:id>USD</cmdty:id>
  </act:commodity>
  <act:commodity-scu>100</act:commodity-scu>
  <act:slots>
    <slot>
      <slot:key>placeholder</slot:key>
      <slot:value type="string">false</slot:value>
    </slot>
    <slot>
      <slot:key>notes</slot:key>
      <slot:value type="string"></slot:value>
    </slot>
  </act:slots>
  <act:parent type="guid">91b0b8fc6b8942eaf9ad913a81dbe96e</act:parent>
</gnc:account>
<gnc:account version="2.0.0">
  <act:name>Poker</act:name>
  <act:id type="guid">25da5ce5f2efad0b8a14a8cf5b6aa947</act:id>
  <act:type>EXPENSE</act:type>
  <act:commodity>
    <cmdty:space>ISO4217</cmdty:space>
    <cmdty:id>USD</cmdty:id>
  </act:commodity>
  <act:commodity-scu>100</act:commodity-scu>
  <act:description>Refreshments, chips, etc.</act:description>
  <act:slots>
    <slot>
      <slot:key>placeholder</slot:key>
      <slot:value type="string">false</slot:value>
    </slot>
    <slot>
      <slot:key>notes</slot:key>
      <slot:value type="string"></slot:value>
    </slot>
  </act:slots>
  <act:parent type="guid">91b0b8fc6b8942eaf9ad913a81dbe96e</act:parent>
</gnc:account>
<gnc:account version="2.0.0">
  <act:name>ESS</act:name>
  <act:id type="guid">f1ec86b85e8cf1cf9ac5967cf9892bbd</act:id>
  <act:type>EXPENSE</act:type>
  <act:commodity>
    <cmdty:space>ISO4217</cmdty:space>
    <cmdty:id>USD</cmdty:id>
  </act:commodity>
  <act:commodity-scu>100</act:commodity-scu>
  <act:slots>
    <slot>
      <slot:key>placeholder</slot:key>
      <slot:value type="string">false</slot:value>
    </slot>
    <slot>
      <slot:key>notes</slot:key>
      <slot:value type="string"></slot:value>
    </slot>
  </act:slots>
  <act:parent type="guid">158867aa3ff18802e8ecd1d85f2ffb79</act:parent>
</gnc:account>
<gnc:account version="2.0.0">
  <act:name>Food</act:name>
  <act:id type="guid">7f608d13745905514da96d87ce107aa6</act:id>
  <act:type>EXPENSE</act:type>
  <act:commodity>
    <cmdty:space>ISO4217</cmdty:space>
    <cmdty:id>USD</cmdty:id>
  </act:commodity>
  <act:commodity-scu>100</act:commodity-scu>
  <act:slots>
    <slot>
      <slot:key>placeholder</slot:key>
      <slot:value type="string">false</slot:value>
    </slot>
    <slot>
      <slot:key>notes</slot:key>
      <slot:value type="string"></slot:value>
    </slot>
  </act:slots>
  <act:parent type="guid">158867aa3ff18802e8ecd1d85f2ffb79</act:parent>
</gnc:account>
<gnc:account version="2.0.0">
  <act:name>Groceries</act:name>
  <act:id type="guid">ab318e6a7674fdd0743cc728a15fcde5</act:id>
  <act:type>EXPENSE</act:type>
  <act:commodity>
    <cmdty:space>ISO4217</cmdty:space>
    <cmdty:id>USD</cmdty:id>
  </act:commodity>
  <act:commodity-scu>100</act:commodity-scu>
  <act:slots>
    <slot>
      <slot:key>placeholder</slot:key>
      <slot:value type="string">false</slot:value>
    </slot>
    <slot>
      <slot:key>notes</slot:key>
      <slot:value type="string"></slot:value>
    </slot>
  </act:slots>
  <act:parent type="guid">7f608d13745905514da96d87ce107aa6</act:parent>
</gnc:account>
<gnc:account version="2.0.0">
  <act:name>Resturants</act:name>
  <act:id type="guid">406ac83c5c85423dd0743db29bbb980a</act:id>
  <act:type>EXPENSE</act:type>
  <act:commodity>
    <cmdty:space>ISO4217</cmdty:space>
    <cmdty:id>USD</cmdty:id>
  </act:commodity>
  <act:commodity-scu>100</act:commodity-scu>
  <act:slots>
    <slot>
      <slot:key>placeholder</slot:key>
      <slot:value type="string">false</slot:value>
    </slot>
    <slot>
      <slot:key>notes</slot:key>
      <slot:value type="string"></slot:value>
    </slot>
  </act:slots>
  <act:parent type="guid">7f608d13745905514da96d87ce107aa6</act:parent>
</gnc:account>
<gnc:account version="2.0.0">
  <act:name>Fun</act:name>
  <act:id type="guid">b768f44e25857f00463e3a8e34c3f2dd</act:id>
  <act:type>EXPENSE</act:type>
  <act:commodity>
    <cmdty:space>ISO4217</cmdty:space>
    <cmdty:id>USD</cmdty:id>
  </act:commodity>
  <act:commodity-scu>100</act:commodity-scu>
  <act:slots>
    <slot>
      <slot:key>placeholder</slot:key>
      <slot:value type="string">false</slot:value>
    </slot>
    <slot>
      <slot:key>notes</slot:key>
      <slot:value type="string"></slot:value>
    </slot>
  </act:slots>
  <act:parent type="guid">158867aa3ff18802e8ecd1d85f2ffb79</act:parent>
</gnc:account>
<gnc:account version="2.0.0">
  <act:name>Books</act:name>
  <act:id type="guid">3a071de3cc7d71d238538213a6513adc</act:id>
  <act:type>EXPENSE</act:type>
  <act:commodity>
    <cmdty:space>ISO4217</cmdty:space>
    <cmdty:id>USD</cmdty:id>
  </act:commodity>
  <act:commodity-scu>100</act:commodity-scu>
  <act:slots>
    <slot>
      <slot:key>placeholder</slot:key>
      <slot:value type="string">false</slot:value>
    </slot>
    <slot>
      <slot:key>notes</slot:key>
      <slot:value type="string"></slot:value>
    </slot>
  </act:slots>
  <act:parent type="guid">b768f44e25857f00463e3a8e34c3f2dd</act:parent>
</gnc:account>
<gnc:account version="2.0.0">
  <act:name>Music</act:name>
  <act:id type="guid">361cd1baf2bb36d5ad086c563c434b6b</act:id>
  <act:type>EXPENSE</act:type>
  <act:commodity>
    <cmdty:space>ISO4217</cmdty:space>
    <cmdty:id>USD</cmdty:id>
  </act:commodity>
  <act:commodity-scu>100</act:commodity-scu>
  <act:slots>
    <slot>
      <slot:key>placeholder</slot:key>
      <slot:value type="string">false</slot:value>
    </slot>
    <slot>
      <slot:key>notes</slot:key>
      <slot:value type="string"></slot:value>
    </slot>
  </act:slots>
  <act:parent type="guid">b768f44e25857f00463e3a8e34c3f2dd</act:parent>
</gnc:account>
<gnc:account version="2.0.0">
  <act:name>Poker</act:name>
  <act:id type="guid">c95ef8e8144c4a22448743df279c88f8</act:id>
  <act:type>EXPENSE</act:type>
  <act:commodity>
    <cmdty:space>ISO4217</cmdty:space>
    <cmdty:id>USD</cmdty:id>
  </act:commodity>
  <act:commodity-scu>100</act:commodity-scu>
  <act:description>Money paid to poker games</act:description>
  <act:slots>
    <slot>
      <slot:key>placeholder</slot:key>
      <slot:value type="string">false</slot:value>
    </slot>
    <slot>
      <slot:key>notes</slot:key>
      <slot:value type="string"></slot:value>
    </slot>
  </act:slots>
  <act:parent type="guid">158867aa3ff18802e8ecd1d85f2ffb79</act:parent>
</gnc:account>
<gnc:account version="2.0.0">
  <act:name>School</act:name>
  <act:id type="guid">bc4c1ca53d56a7cd6244c66844a74b53</act:id>
  <act:type>EXPENSE</act:type>
  <act:commodity>
    <cmdty:space>ISO4217</cmdty:space>
    <cmdty:id>USD</cmdty:id>
  </act:commodity>
  <act:commodity-scu>100</act:commodity-scu>
  <act:slots>
    <slot>
      <slot:key>placeholder</slot:key>
      <slot:value type="string">false</slot:value>
    </slot>
    <slot>
      <slot:key>notes</slot:key>
      <slot:value type="string"></slot:value>
    </slot>
  </act:slots>
  <act:parent type="guid">158867aa3ff18802e8ecd1d85f2ffb79</act:parent>
</gnc:account>
<gnc:account version="2.0.0">
  <act:name>Books</act:name>
  <act:id type="guid">e00d035478ecd831204d5016967b465f</act:id>
  <act:type>EXPENSE</act:type>
  <act:commodity>
    <cmdty:space>ISO4217</cmdty:space>
    <cmdty:id>USD</cmdty:id>
  </act:commodity>
  <act:commodity-scu>100</act:commodity-scu>
  <act:slots>
    <slot>
      <slot:key>placeholder</slot:key>
      <slot:value type="string">false</slot:value>
    </slot>
    <slot>
      <slot:key>notes</slot:key>
      <slot:value type="string"></slot:value>
    </slot>
  </act:slots>
  <act:parent type="guid">bc4c1ca53d56a7cd6244c66844a74b53</act:parent>
</gnc:account>
<gnc:account version="2.0.0">
  <act:name>Equity</act:name>
  <act:id type="guid">319c7ed39473f891394968d996a80603</act:id>
  <act:type>EQUITY</act:type>
  <act:commodity>
    <cmdty:space>ISO4217</cmdty:space>
    <cmdty:id>USD</cmdty:id>
  </act:commodity>
  <act:commodity-scu>100</act:commodity-scu>
  <act:slots>
    <slot>
      <slot:key>placeholder</slot:key>
      <slot:value type="string">false</slot:value>
    </slot>
    <slot>
      <slot:key>notes</slot:key>
      <slot:value type="string"></slot:value>
    </slot>
  </act:slots>
</gnc:account>
<gnc:account version="2.0.0">
  <act:name>Miscellaneous Cash</act:name>
  <act:id type="guid">65f42fc71bb8f655cdc2a4027536b66d</act:id>
  <act:type>EQUITY</act:type>
  <act:commodity>
    <cmdty:space>ISO4217</cmdty:space>
    <cmdty:id>USD</cmdty:id>
  </act:commodity>
  <act:commodity-scu>100</act:commodity-scu>
  <act:slots>
    <slot>
      <slot:key>placeholder</slot:key>
      <slot:value type="string">false</slot:value>
    </slot>
    <slot>
      <slot:key>notes</slot:key>
      <slot:value type="string"></slot:value>
    </slot>
  </act:slots>
  <act:parent type="guid">319c7ed39473f891394968d996a80603</act:parent>
</gnc:account>
<gnc:account version="2.0.0">
  <act:name>Opening Balances</act:name>
  <act:id type="guid">46855ee3fb2e21c80e1d3784179b379e</act:id>
  <act:type>EQUITY</act:type>
  <act:commodity>
    <cmdty:space>ISO4217</cmdty:space>
    <cmdty:id>USD</cmdty:id>
  </act:commodity>
  <act:commodity-scu>100</act:commodity-scu>
  <act:slots>
    <slot>
      <slot:key>placeholder</slot:key>
      <slot:value type="string">false</slot:value>
    </slot>
    <slot>
      <slot:key>notes</slot:key>
      <slot:value type="string"></slot:value>
    </slot>
  </act:slots>
  <act:parent type="guid">319c7ed39473f891394968d996a80603</act:parent>
</gnc:account>
<gnc:transaction version="2.0.0">
  <trn:id type="guid">2cbdd519f8191fa70c62f56b04a3f96e</trn:id>
  <trn:currency>
    <cmdty:space>ISO4217</cmdty:space>
    <cmdty:id>USD</cmdty:id>
  </trn:currency>
  <trn:date-posted>
    <ts:date>2006-01-11 20:18:17 +0000</ts:date>
  </trn:date-posted>
  <trn:date-entered>
    <ts:date>2006-01-11 20:18:17 +0000</ts:date>
    <ts:ns>95275000</ts:ns>
  </trn:date-entered>
  <trn:description>Opening Balance</trn:description>
  <trn:splits>
    <trn:split>
      <split:id type="guid">d6d511d3d3079625f9a7d3c84512470e</split:id>
      <split:reconciled-state>n</split:reconciled-state>
      <split:value>98105/100</split:value>
      <split:quantity>98105/100</split:quantity>
      <split:account type="guid">c2aeafd6e80ecc5db05f2f29fe42ca99</split:account>
    </trn:split>
    <trn:split>
      <split:id type="guid">03f2734f843ee067a7c31cdfc550189f</split:id>
      <split:reconciled-state>n</split:reconciled-state>
      <split:value>-98105/100</split:value>
      <split:quantity>-98105/100</split:quantity>
      <split:account type="guid">46855ee3fb2e21c80e1d3784179b379e</split:account>
    </trn:split>
  </trn:splits>
</gnc:transaction>
<gnc:transaction version="2.0.0">
  <trn:id type="guid">2c5473223df9e498cea9eda5da3ab6e2</trn:id>
  <trn:currency>
    <cmdty:space>ISO4217</cmdty:space>
    <cmdty:id>USD</cmdty:id>
  </trn:currency>
  <trn:date-posted>
    <ts:date>2006-01-12 00:00:00 +0000</ts:date>
  </trn:date-posted>
  <trn:date-entered>
    <ts:date>2006-01-12 00:35:06 +0000</ts:date>
  </trn:date-entered>
  <trn:description>MATH 5150 &quot;Matrix Analysis&quot;</trn:description>
  <trn:splits>
    <trn:split>
      <split:id type="guid">e0c094eb2062353db1ce7b91990cf340</split:id>
      <split:reconciled-state>n</split:reconciled-state>
      <split:value>3074/100</split:value>
      <split:quantity>3074/100</split:quantity>
      <split:account type="guid">e00d035478ecd831204d5016967b465f</split:account>
    </trn:split>
    <trn:split>
      <split:id type="guid">5b33106949fd0218631c1db9aacc4b92</split:id>
      <split:reconciled-state>n</split:reconciled-state>
      <split:value>-3074/100</split:value>
      <split:quantity>-3074/100</split:quantity>
      <split:account type="guid">c2aeafd6e80ecc5db05f2f29fe42ca99</split:account>
    </trn:split>
  </trn:splits>
</gnc:transaction>
<gnc:transaction version="2.0.0">
  <trn:id type="guid">49048975ba6103cdba426d69779c1e06</trn:id>
  <trn:currency>
    <cmdty:space>ISO4217</cmdty:space>
    <cmdty:id>USD</cmdty:id>
  </trn:currency>
  <trn:date-posted>
    <ts:date>2006-01-12 00:00:00 +0000</ts:date>
  </trn:date-posted>
  <trn:date-entered>
    <ts:date>2006-01-12 00:36:06 +0000</ts:date>
  </trn:date-entered>
  <trn:description>MATH 4730 &quot;Elements of Set Theory&quot;</trn:description>
  <trn:splits>
    <trn:split>
      <split:id type="guid">3c203c80528aa197ac3563f82722b92a</split:id>
      <split:reconciled-state>n</split:reconciled-state>
      <split:value>7900/100</split:value>
      <split:quantity>7900/100</split:quantity>
      <split:account type="guid">e00d035478ecd831204d5016967b465f</split:account>
    </trn:split>
    <trn:split>
      <split:id type="guid">d3f269e130b691f489efb663159893c4</split:id>
      <split:reconciled-state>n</split:reconciled-state>
      <split:value>-7900/100</split:value>
      <split:quantity>-7900/100</split:quantity>
      <split:account type="guid">c2aeafd6e80ecc5db05f2f29fe42ca99</split:account>
    </trn:split>
  </trn:splits>
</gnc:transaction>
<gnc:transaction version="2.0.0">
  <trn:id type="guid">d3d9f297ca637b4ba214845588f21b61</trn:id>
  <trn:currency>
    <cmdty:space>ISO4217</cmdty:space>
    <cmdty:id>USD</cmdty:id>
  </trn:currency>
  <trn:date-posted>
    <ts:date>2006-01-12 00:00:00 +0000</ts:date>
  </trn:date-posted>
  <trn:date-entered>
    <ts:date>2006-01-12 00:36:50 +0000</ts:date>
  </trn:date-entered>
  <trn:description>LING 2000 &quot;A Dictionary of Linguistics &amp; Phonetics&quot;</trn:description>
  <trn:splits>
    <trn:split>
      <split:id type="guid">b97ba0c32f499faffddd5d7947bdf008</split:id>
      <split:reconciled-state>n</split:reconciled-state>
      <split:value>1598/100</split:value>
      <split:quantity>1598/100</split:quantity>
      <split:account type="guid">e00d035478ecd831204d5016967b465f</split:account>
    </trn:split>
    <trn:split>
      <split:id type="guid">58c19e18000c79410c1554e0a71fadd2</split:id>
      <split:reconciled-state>n</split:reconciled-state>
      <split:value>-1598/100</split:value>
      <split:quantity>-1598/100</split:quantity>
      <split:account type="guid">c2aeafd6e80ecc5db05f2f29fe42ca99</split:account>
    </trn:split>
  </trn:splits>
</gnc:transaction>
<gnc:transaction version="2.0.0">
  <trn:id type="guid">db026ee8ef8c426e07e803d550471f6c</trn:id>
  <trn:currency>
    <cmdty:space>ISO4217</cmdty:space>
    <cmdty:id>USD</cmdty:id>
  </trn:currency>
  <trn:date-posted>
    <ts:date>2006-01-12 00:00:00 +0000</ts:date>
  </trn:date-posted>
  <trn:date-entered>
    <ts:date>2006-01-12 00:38:39 +0000</ts:date>
  </trn:date-entered>
  <trn:description>LING 2000 &quot;Language: Its structure and use&quot;</trn:description>
  <trn:splits>
    <trn:split>
      <split:id type="guid">f6ff6f2befb64387640d3b1efc926fe0</split:id>
      <split:reconciled-state>n</split:reconciled-state>
      <split:value>4423/100</split:value>
      <split:quantity>4423/100</split:quantity>
      <split:account type="guid">e00d035478ecd831204d5016967b465f</split:account>
    </trn:split>
    <trn:split>
      <split:id type="guid">c764bfbaebf48adacdf03942e5512957</split:id>
      <split:reconciled-state>n</split:reconciled-state>
      <split:value>-4423/100</split:value>
      <split:quantity>-4423/100</split:quantity>
      <split:account type="guid">c2aeafd6e80ecc5db05f2f29fe42ca99</split:account>
    </trn:split>
  </trn:splits>
</gnc:transaction>
<gnc:transaction version="2.0.0">
  <trn:id type="guid">5ee5f269f2e27ad1ed1dfd4d0b9f4725</trn:id>
  <trn:currency>
    <cmdty:space>ISO4217</cmdty:space>
    <cmdty:id>USD</cmdty:id>
  </trn:currency>
  <trn:date-posted>
    <ts:date>2006-01-12 00:00:00 +0000</ts:date>
  </trn:date-posted>
  <trn:date-entered>
    <ts:date>2006-01-12 00:39:26 +0000</ts:date>
  </trn:date-entered>
  <trn:description>MATH 4650 &quot;Numerical Analysis&quot;</trn:description>
  <trn:splits>
    <trn:split>
      <split:id type="guid">7022b8931cf54a1fec3b5d010ef4cd95</split:id>
      <split:reconciled-state>n</split:reconciled-state>
      <split:value>8900/100</split:value>
      <split:quantity>8900/100</split:quantity>
      <split:account type="guid">e00d035478ecd831204d5016967b465f</split:account>
    </trn:split>
    <trn:split>
      <split:id type="guid">0f5249cf3452c890b2420e02656118de</split:id>
      <split:reconciled-state>c</split:reconciled-state>
      <split:value>-8900/100</split:value>
      <split:quantity>-8900/100</split:quantity>
      <split:account type="guid">c2aeafd6e80ecc5db05f2f29fe42ca99</split:account>
    </trn:split>
  </trn:splits>
</gnc:transaction>
<gnc:transaction version="2.0.0">
  <trn:id type="guid">cc79fd88c38640b98b6d8b30a279d0b2</trn:id>
  <trn:currency>
    <cmdty:space>ISO4217</cmdty:space>
    <cmdty:id>USD</cmdty:id>
  </trn:currency>
  <trn:date-posted>
    <ts:date>2006-01-12 00:00:00 +0000</ts:date>
  </trn:date-posted>
  <trn:date-entered>
    <ts:date>2006-01-12 00:39:58 +0000</ts:date>
  </trn:date-entered>
  <trn:description>Basic Economics</trn:description>
  <trn:splits>
    <trn:split>
      <split:id type="guid">29ec7a43e7263252381e86ca83e48c92</split:id>
      <split:reconciled-state>n</split:reconciled-state>
      <split:value>2205/100</split:value>
      <split:quantity>2205/100</split:quantity>
      <split:account type="guid">3a071de3cc7d71d238538213a6513adc</split:account>
    </trn:split>
    <trn:split>
      <split:id type="guid">68af53125841d36c8fac2aa482046c0a</split:id>
      <split:reconciled-state>n</split:reconciled-state>
      <split:value>-2205/100</split:value>
      <split:quantity>-2205/100</split:quantity>
      <split:account type="guid">c2aeafd6e80ecc5db05f2f29fe42ca99</split:account>
    </trn:split>
  </trn:splits>
</gnc:transaction>
<gnc:transaction version="2.0.0">
  <trn:id type="guid">d7afa78c079d1861435b49b8fd935afe</trn:id>
  <trn:currency>
    <cmdty:space>ISO4217</cmdty:space>
    <cmdty:id>USD</cmdty:id>
  </trn:currency>
  <trn:date-posted>
    <ts:date>2006-01-12 00:00:00 +0000</ts:date>
  </trn:date-posted>
  <trn:date-entered>
    <ts:date>2006-01-12 00:40:31 +0000</ts:date>
  </trn:date-entered>
  <trn:description>The Art of Fugue; Musical Offering</trn:description>
  <trn:splits>
    <trn:split>
      <split:id type="guid">4d7abbeacb1763e03545814f9174def1</split:id>
      <split:reconciled-state>n</split:reconciled-state>
      <split:value>1399/100</split:value>
      <split:quantity>1399/100</split:quantity>
      <split:account type="guid">361cd1baf2bb36d5ad086c563c434b6b</split:account>
    </trn:split>
    <trn:split>
      <split:id type="guid">df971b1002306e5404c27b10620dc151</split:id>
      <split:reconciled-state>n</split:reconciled-state>
      <split:value>-1399/100</split:value>
      <split:quantity>-1399/100</split:quantity>
      <split:account type="guid">c2aeafd6e80ecc5db05f2f29fe42ca99</split:account>
    </trn:split>
  </trn:splits>
</gnc:transaction>
<gnc:transaction version="2.0.0">
  <trn:id type="guid">4e6301aab9d1226a88e2f32255823cad</trn:id>
  <trn:currency>
    <cmdty:space>ISO4217</cmdty:space>
    <cmdty:id>USD</cmdty:id>
  </trn:currency>
  <trn:date-posted>
    <ts:date>2006-01-12 00:00:00 +0000</ts:date>
  </trn:date-posted>
  <trn:date-entered>
    <ts:date>2006-01-12 00:40:48 +0000</ts:date>
  </trn:date-entered>
  <trn:description>Shipping for Spring 2006</trn:description>
  <trn:splits>
    <trn:split>
      <split:id type="guid">2f2ef88ddd5699fe044c2648a16fc3a0</split:id>
      <split:reconciled-state>n</split:reconciled-state>
      <split:value>1396/100</split:value>
      <split:quantity>1396/100</split:quantity>
      <split:account type="guid">e00d035478ecd831204d5016967b465f</split:account>
    </trn:split>
    <trn:split>
      <split:id type="guid">3b84a3abb750849e8c74919a074605e3</split:id>
      <split:reconciled-state>n</split:reconciled-state>
      <split:value>-1396/100</split:value>
      <split:quantity>-1396/100</split:quantity>
      <split:account type="guid">c2aeafd6e80ecc5db05f2f29fe42ca99</split:account>
    </trn:split>
  </trn:splits>
</gnc:transaction>
<gnc:transaction version="2.0.0">
  <trn:id type="guid">c5cc6082baff6b2f20c9953c2083113b</trn:id>
  <trn:currency>
    <cmdty:space>ISO4217</cmdty:space>
    <cmdty:id>USD</cmdty:id>
  </trn:currency>
  <trn:date-posted>
    <ts:date>2006-01-13 00:00:00 +0000</ts:date>
  </trn:date-posted>
  <trn:date-entered>
    <ts:date>2006-01-13 16:44:14 +0000</ts:date>
  </trn:date-entered>
  <trn:description>Radio Shack: Various cables for speakers</trn:description>
  <trn:splits>
    <trn:split>
      <split:id type="guid">e4490fd857459732ee2157f75c9036fe</split:id>
      <split:reconciled-state>n</split:reconciled-state>
      <split:value>1619/100</split:value>
      <split:quantity>1619/100</split:quantity>
      <split:account type="guid">e1651cd4c8ea4e9ea2b68e27e6ace67d</split:account>
    </trn:split>
    <trn:split>
      <split:id type="guid">2a6f29abba199f0c082c2bdfd97b0667</split:id>
      <split:reconciled-state>n</split:reconciled-state>
      <split:value>-1619/100</split:value>
      <split:quantity>-1619/100</split:quantity>
      <split:account type="guid">c2aeafd6e80ecc5db05f2f29fe42ca99</split:account>
    </trn:split>
  </trn:splits>
</gnc:transaction>
<gnc:transaction version="2.0.0">
  <trn:id type="guid">c0ac2bc2de8de4322a4261ad170c058c</trn:id>
  <trn:currency>
    <cmdty:space>ISO4217</cmdty:space>
    <cmdty:id>USD</cmdty:id>
  </trn:currency>
  <trn:date-posted>
    <ts:date>2006-01-13 00:00:00 +0000</ts:date>
  </trn:date-posted>
  <trn:date-entered>
    <ts:date>2006-01-13 16:45:16 +0000</ts:date>
  </trn:date-entered>
  <trn:description>Safeway: Orange Juice</trn:description>
  <trn:splits>
    <trn:split>
      <split:id type="guid">8fdb2b06650eed74e1e373a14f222cd2</split:id>
      <split:reconciled-state>n</split:reconciled-state>
      <split:value>1103/100</split:value>
      <split:quantity>1103/100</split:quantity>
      <split:account type="guid">ab318e6a7674fdd0743cc728a15fcde5</split:account>
    </trn:split>
    <trn:split>
      <split:id type="guid">64ef1b8830dbdabdaa451562b731dc11</split:id>
      <split:reconciled-state>n</split:reconciled-state>
      <split:value>-1103/100</split:value>
      <split:quantity>-1103/100</split:quantity>
      <split:account type="guid">c2aeafd6e80ecc5db05f2f29fe42ca99</split:account>
    </trn:split>
  </trn:splits>
</gnc:transaction>
<gnc:transaction version="2.0.0">
  <trn:id type="guid">30a57fb5f40ffefc868cf07d5117399b</trn:id>
  <trn:currency>
    <cmdty:space>ISO4217</cmdty:space>
    <cmdty:id>USD</cmdty:id>
  </trn:currency>
  <trn:date-posted>
    <ts:date>2006-01-15 00:00:00 +0000</ts:date>
  </trn:date-posted>
  <trn:date-entered>
    <ts:date>2006-01-15 13:21:17 +0000</ts:date>
  </trn:date-entered>
  <trn:description>Monthly ESS Payment</trn:description>
  <trn:splits>
    <trn:split>
      <split:id type="guid">16a698085cd763c3dd78b01183533a09</split:id>
      <split:reconciled-state>n</split:reconciled-state>
      <split:value>500/100</split:value>
      <split:quantity>500/100</split:quantity>
      <split:account type="guid">f1ec86b85e8cf1cf9ac5967cf9892bbd</split:account>
    </trn:split>
    <trn:split>
      <split:id type="guid">354e045748852dbb82234a80ef91e2bd</split:id>
      <split:reconciled-state>n</split:reconciled-state>
      <split:value>-500/100</split:value>
      <split:quantity>-500/100</split:quantity>
      <split:account type="guid">c2aeafd6e80ecc5db05f2f29fe42ca99</split:account>
    </trn:split>
  </trn:splits>
</gnc:transaction>
<gnc:transaction version="2.0.0">
  <trn:id type="guid">d8887f78570251378c1fc29890143a7d</trn:id>
  <trn:currency>
    <cmdty:space>ISO4217</cmdty:space>
    <cmdty:id>USD</cmdty:id>
  </trn:currency>
  <trn:date-posted>
    <ts:date>2006-01-15 00:00:00 +0000</ts:date>
  </trn:date-posted>
  <trn:date-entered>
    <ts:date>2006-01-15 13:21:41 +0000</ts:date>
  </trn:date-entered>
  <trn:description>ATM</trn:description>
  <trn:splits>
    <trn:split>
      <split:id type="guid">4ddf3a086f04a6c90adae423d21d625c</split:id>
      <split:reconciled-state>n</split:reconciled-state>
      <split:value>4000/100</split:value>
      <split:quantity>4000/100</split:quantity>
      <split:account type="guid">2c220f228263548f309ceca07ade534b</split:account>
    </trn:split>
    <trn:split>
      <split:id type="guid">e616e10ab859c6549ef142454960706d</split:id>
      <split:reconciled-state>n</split:reconciled-state>
      <split:value>-4000/100</split:value>
      <split:quantity>-4000/100</split:quantity>
      <split:account type="guid">c2aeafd6e80ecc5db05f2f29fe42ca99</split:account>
    </trn:split>
  </trn:splits>
</gnc:transaction>
<gnc:transaction version="2.0.0">
  <trn:id type="guid">69ed240ba9ea8c08cca607eb5f8a8e6c</trn:id>
  <trn:currency>
    <cmdty:space>ISO4217</cmdty:space>
    <cmdty:id>USD</cmdty:id>
  </trn:currency>
  <trn:date-posted>
    <ts:date>2006-01-11 00:00:00 +0000</ts:date>
  </trn:date-posted>
  <trn:date-entered>
    <ts:date>2006-01-11 20:29:43 +0000</ts:date>
    <ts:ns>112113000</ts:ns>
  </trn:date-entered>
  <trn:description>Opening Balance</trn:description>
  <trn:splits>
    <trn:split>
      <split:id type="guid">e974564aa763a89e4d2a1c5ab25099d6</split:id>
      <split:reconciled-state>y</split:reconciled-state>
      <split:reconcile-date>
        <ts:date>2006-01-12 00:00:00 +0000</ts:date>
      </split:reconcile-date>
      <split:value>101815/100</split:value>
      <split:quantity>101815/100</split:quantity>
      <split:account type="guid">7f1707672569125550f27e9d8f22bca5</split:account>
    </trn:split>
    <trn:split>
      <split:id type="guid">a6558973485a34fff35f166a4d9c5b37</split:id>
      <split:reconciled-state>n</split:reconciled-state>
      <split:value>-101815/100</split:value>
      <split:quantity>-101815/100</split:quantity>
      <split:account type="guid">46855ee3fb2e21c80e1d3784179b379e</split:account>
    </trn:split>
  </trn:splits>
</gnc:transaction>
<gnc:transaction version="2.0.0">
  <trn:id type="guid">65a35d062d311cd1c9155a3a65088a42</trn:id>
  <trn:currency>
    <cmdty:space>ISO4217</cmdty:space>
    <cmdty:id>USD</cmdty:id>
  </trn:currency>
  <trn:date-posted>
    <ts:date>2006-01-12 00:00:00 +0000</ts:date>
  </trn:date-posted>
  <trn:date-entered>
    <ts:date>2006-01-12 15:25:11 +0000</ts:date>
  </trn:date-entered>
  <trn:description></trn:description>
  <trn:splits>
    <trn:split>
      <split:id type="guid">4a4ddb14361902e65d55f62ac36894a7</split:id>
      <split:reconciled-state>n</split:reconciled-state>
      <split:value>1946/100</split:value>
      <split:quantity>1946/100</split:quantity>
      <split:account type="guid">2c220f228263548f309ceca07ade534b</split:account>
    </trn:split>
    <trn:split>
      <split:id type="guid">b5e6977a08e32bcf53287d5a3b3293f5</split:id>
      <split:reconciled-state>n</split:reconciled-state>
      <split:value>-1946/100</split:value>
      <split:quantity>-1946/100</split:quantity>
      <split:account type="guid">65f42fc71bb8f655cdc2a4027536b66d</split:account>
    </trn:split>
  </trn:splits>
</gnc:transaction>
<gnc:transaction version="2.0.0">
  <trn:id type="guid">de5255644cd5a8b5c132940f82e08d01</trn:id>
  <trn:currency>
    <cmdty:space>ISO4217</cmdty:space>
    <cmdty:id>USD</cmdty:id>
  </trn:currency>
  <trn:date-posted>
    <ts:date>2006-01-12 00:00:00 +0000</ts:date>
  </trn:date-posted>
  <trn:date-entered>
    <ts:date>2006-01-12 15:26:15 +0000</ts:date>
  </trn:date-entered>
  <trn:description></trn:description>
  <trn:splits>
    <trn:split>
      <split:id type="guid">1dcb5070fd083f8659ec6103da6b9eac</split:id>
      <split:reconciled-state>n</split:reconciled-state>
      <split:value>930/100</split:value>
      <split:quantity>930/100</split:quantity>
      <split:account type="guid">2c220f228263548f309ceca07ade534b</split:account>
    </trn:split>
    <trn:split>
      <split:id type="guid">e41b80388e0fbbd12e89895d6e2e8261</split:id>
      <split:reconciled-state>n</split:reconciled-state>
      <split:value>-930/100</split:value>
      <split:quantity>-930/100</split:quantity>
      <split:account type="guid">65f42fc71bb8f655cdc2a4027536b66d</split:account>
    </trn:split>
  </trn:splits>
</gnc:transaction>
<gnc:transaction version="2.0.0">
  <trn:id type="guid">66a12144ba2a56e4ce00a0297cedcd41</trn:id>
  <trn:currency>
    <cmdty:space>ISO4217</cmdty:space>
    <cmdty:id>USD</cmdty:id>
  </trn:currency>
  <trn:date-posted>
    <ts:date>2006-01-12 00:00:00 +0000</ts:date>
  </trn:date-posted>
  <trn:date-entered>
    <ts:date>2006-01-12 15:28:54 +0000</ts:date>
  </trn:date-entered>
  <trn:description>Radio Shack: AC Adapter for Phantom II</trn:description>
  <trn:splits>
    <trn:split>
      <split:id type="guid">f39a8ec38a7f2827f10e77d9e39c9837</split:id>
      <split:reconciled-state>n</split:reconciled-state>
      <split:value>1946/100</split:value>
      <split:quantity>1946/100</split:quantity>
      <split:account type="guid">e1651cd4c8ea4e9ea2b68e27e6ace67d</split:account>
    </trn:split>
    <trn:split>
      <split:id type="guid">c6b358cf59eaf231d9902948889fd199</split:id>
      <split:reconciled-state>n</split:reconciled-state>
      <split:value>-1946/100</split:value>
      <split:quantity>-1946/100</split:quantity>
      <split:account type="guid">2c220f228263548f309ceca07ade534b</split:account>
    </trn:split>
  </trn:splits>
</gnc:transaction>
<gnc:transaction version="2.0.0">
  <trn:id type="guid">40f1442a9f777989bc2ed6d86251c5ce</trn:id>
  <trn:currency>
    <cmdty:space>ISO4217</cmdty:space>
    <cmdty:id>USD</cmdty:id>
  </trn:currency>
  <trn:date-posted>
    <ts:date>2006-01-12 00:00:00 +0000</ts:date>
  </trn:date-posted>
  <trn:date-entered>
    <ts:date>2006-01-12 15:29:32 +0000</ts:date>
  </trn:date-entered>
  <trn:description>Deli Zone</trn:description>
  <trn:splits>
    <trn:split>
      <split:id type="guid">2942b03fa583b0449000e8610cdcb7f3</split:id>
      <split:reconciled-state>n</split:reconciled-state>
      <split:value>930/100</split:value>
      <split:quantity>930/100</split:quantity>
      <split:account type="guid">406ac83c5c85423dd0743db29bbb980a</split:account>
    </trn:split>
    <trn:split>
      <split:id type="guid">1fd266fbddd6910dd8d78733d6420eda</split:id>
      <split:reconciled-state>n</split:reconciled-state>
      <split:value>-930/100</split:value>
      <split:quantity>-930/100</split:quantity>
      <split:account type="guid">2c220f228263548f309ceca07ade534b</split:account>
    </trn:split>
  </trn:splits>
</gnc:transaction>
<gnc:transaction version="2.0.0">
  <trn:id type="guid">3332eb34d8ab4ee37e9ed836aee25bcb</trn:id>
  <trn:currency>
    <cmdty:space>ISO4217</cmdty:space>
    <cmdty:id>USD</cmdty:id>
  </trn:currency>
  <trn:date-posted>
    <ts:date>2006-01-12 00:00:00 +0000</ts:date>
  </trn:date-posted>
  <trn:date-entered>
    <ts:date>2006-01-12 15:39:22 +0000</ts:date>
  </trn:date-entered>
  <trn:description>Current Cash in Wallet'</trn:description>
  <trn:splits>
    <trn:split>
      <split:id type="guid">034e1b7c586d963ee675f27b90f2529c</split:id>
      <split:reconciled-state>n</split:reconciled-state>
      <split:value>300/100</split:value>
      <split:quantity>300/100</split:quantity>
      <split:account type="guid">2c220f228263548f309ceca07ade534b</split:account>
    </trn:split>
    <trn:split>
      <split:id type="guid">ceadb441b127189e5111357ea91d771f</split:id>
      <split:reconciled-state>n</split:reconciled-state>
      <split:value>-300/100</split:value>
      <split:quantity>-300/100</split:quantity>
      <split:account type="guid">65f42fc71bb8f655cdc2a4027536b66d</split:account>
    </trn:split>
  </trn:splits>
</gnc:transaction>
<gnc:transaction version="2.0.0">
  <trn:id type="guid">e4ec28dd92397d61196f4834a6fc0277</trn:id>
  <trn:currency>
    <cmdty:space>ISO4217</cmdty:space>
    <cmdty:id>USD</cmdty:id>
  </trn:currency>
  <trn:date-posted>
    <ts:date>2006-01-15 00:00:00 +0000</ts:date>
  </trn:date-posted>
  <trn:date-entered>
    <ts:date>2006-01-15 13:23:35 +0000</ts:date>
  </trn:date-entered>
  <trn:description>Good Times</trn:description>
  <trn:splits>
    <trn:split>
      <split:id type="guid">5774f6f5c057d92af33bfa77a5a58bb9</split:id>
      <split:reconciled-state>n</split:reconciled-state>
      <split:value>1000/100</split:value>
      <split:quantity>1000/100</split:quantity>
      <split:account type="guid">406ac83c5c85423dd0743db29bbb980a</split:account>
    </trn:split>
    <trn:split>
      <split:id type="guid">348f57a61bddad46c1a51f2016d64852</split:id>
      <split:reconciled-state>n</split:reconciled-state>
      <split:value>-1000/100</split:value>
      <split:quantity>-1000/100</split:quantity>
      <split:account type="guid">2c220f228263548f309ceca07ade534b</split:account>
    </trn:split>
  </trn:splits>
</gnc:transaction>
<gnc:transaction version="2.0.0">
  <trn:id type="guid">c71f7bedb8a9c0ca0ed25f60b8408f13</trn:id>
  <trn:currency>
    <cmdty:space>ISO4217</cmdty:space>
    <cmdty:id>USD</cmdty:id>
  </trn:currency>
  <trn:date-posted>
    <ts:date>2006-01-15 00:00:00 +0000</ts:date>
  </trn:date-posted>
  <trn:date-entered>
    <ts:date>2006-01-15 13:23:56 +0000</ts:date>
  </trn:date-entered>
  <trn:description>Alcohol at MMW concert</trn:description>
  <trn:splits>
    <trn:split>
      <split:id type="guid">37e6f2573caf5b279bec5f5ded290c42</split:id>
      <split:reconciled-state>n</split:reconciled-state>
      <split:value>500/100</split:value>
      <split:quantity>500/100</split:quantity>
      <split:account type="guid">b768f44e25857f00463e3a8e34c3f2dd</split:account>
    </trn:split>
    <trn:split>
      <split:id type="guid">8b165eccb56377071faeed3764c75143</split:id>
      <split:reconciled-state>n</split:reconciled-state>
      <split:value>-500/100</split:value>
      <split:quantity>-500/100</split:quantity>
      <split:account type="guid">2c220f228263548f309ceca07ade534b</split:account>
    </trn:split>
  </trn:splits>
</gnc:transaction>
</gnc:book>
</gnc-v2>

<!-- Local variables: -->
<!-- mode: xml        -->
<!-- End:             -->
